<record><leader>00000cas a22000007a 4500</leader><controlfield tag="001">18265309</controlfield><controlfield tag="008">880725d19uu19uualuwr ne      0    0eng d</controlfield><datafield ind1=" " ind2=" " tag="010"><subfield code="a">sn 88050125 </subfield></datafield><datafield ind1=" " ind2=" " tag="040"><subfield code="a">CPN</subfield><subfield code="b">eng</subfield><subfield code="c">CPN</subfield><subfield code="d">OCLCQ</subfield></datafield><datafield ind1=" " ind2=" " tag="042"><subfield code="a">msc</subfield></datafield><datafield ind1="0" ind2="4" tag="245"><subfield code="a">The Sulligent sentinel.</subfield></datafield><datafield ind1=" " ind2=" " tag="260"><subfield code="a">Sulligent, Ala. :</subfield><subfield code="b">D.W. Akins</subfield></datafield><datafield ind1=" " ind2=" " tag="310"><subfield code="a">Weekly</subfield></datafield><datafield ind1=" " ind2=" " tag="588"><subfield code="a">Description based on: Vol. 4, no. 5 (May 22, 1953).</subfield></datafield><datafield ind1=" " ind2=" " tag="752"><subfield code="a">United States</subfield><subfield code="b">Alabama</subfield><subfield code="c">Lamar</subfield><subfield code="d">Sulligent.</subfield></datafield></record>